
%HNL Theory CHAPTER------------------------------------------------------------------------
@article{Homestake,
  title = {Search for Neutrinos from the Sun},
  author = {Davis, Raymond and Harmer, Don S. and Hoffman, Kenneth C.},
  journal = {Phys. Rev. Lett.},
  volume = {20},
  issue = {21},
  pages = {1205--1209},
  numpages = {0},
  year = {1968},
  month = {May},
  publisher = {American Physical Society},
  doi = {10.1103/PhysRevLett.20.1205},
  url = {https://link.aps.org/doi/10.1103/PhysRevLett.20.1205}
}

@article{Kamiokande,
  title = {Results from one thousand days of real-time, directional solar-neutrino data},
  author = {Hirata, K. S. and Inoue, K. and Kajita, T. and Kifune, T. and Kihara, K. and Nakahata, M. and Nakamura, K. and Ohara, S. and Sato, N. and Suzuki, Y. and Totsuka, Y. and Yaginuma, Y. and Mori, M. and Oyama, Y. and Suzuki, A. and Takahashi, K. and Yamada, M. and Koshiba, M. and Suda, T. and Tajima, T. and Miyano, K. and Miyata, H. and Takei, H. and Fukuda, Y. and Kodera, E. and Nagashima, Y. and Takita, M. and Kaneyuki, K. and Tanimori, T. and Beier, E. W. and Feldscher, L. R. and Frank, E. D. and Frati, W. and Kim, S. B. and Mann, A. K. and Newcomer, F. M. and Van Berg, R. and Zhang, W.},
  journal = {Phys. Rev. Lett.},
  volume = {65},
  issue = {11},
  pages = {1297--1300},
  numpages = {0},
  year = {1990},
  month = {Sep},
  publisher = {American Physical Society},
  doi = {10.1103/PhysRevLett.65.1297},
  url = {https://link.aps.org/doi/10.1103/PhysRevLett.65.1297}
}

@article{GALLEX,
title = {Solar neutrinos observed by GALLEX at Gran Sasso},
journal = {Physics Letters B},
volume = {285},
number = {4},
pages = {376-389},
year = {1992},
issn = {0370-2693},
doi = {https://doi.org/10.1016/0370-2693(92)91521-A},
url = {https://www.sciencedirect.com/science/article/pii/037026939291521A},
author = {P. Anselmann and W. Hampel and G. Heusser and J. Kiko and T. Kirsten and E. Pernicka and R. Plaga and U. Rönn and M. Sann and C. Schlosser and R. Wink and M. Wójcik and R. {von Ammon} and K.H. Ebert and T. Fritsch and K. Hellriegel and E. Henrich and L. Stieglitz and F. Weyrich and M. Balata and E. Bellotti and N. Ferrari and H. Lalla and T. Stolarczyk and C. Cattadori and O. Cremonesi and E. Fiorini and S. Pezzoni and L. Zanotti and F. {von Feilitzsch} and R. Mößbauer and U. Schanda and G. Berthomieu and E. Schatzman and I. Carmi and I. Dostrovsky and C. Bacci and P. Belli and R. Bernabei and S. d'Angelo and L. Paoluzi and S. Charbit and M. Cribier and G. Dupont and L. Gosset and J. Rich and M. Spiro and C. Tao and D. Vignaud and R.L. Hahn and F.X. Hartmann and J.K. Rowley and R.W. Stoenner and J. Weneser},
abstract = {We have measured the rate of production of 71Ge from 71Ga by solar neutrinos. The target consists of 30.3 t of gallium in the form of 8.13 M aqueous gallium chloride solution (101 t), shielded by ≈ 3300 m water equivalent of standard rock in the Gran Sasso Underground Laboratory (Italy). In nearly one year of operation, 14 measurements of the production rate of 71Ge were carried out to give, after corrections for side reactions and other backgrounds, an average value of 83 + 19 (stat.) ± 8 (syst.) SNU (1σ) due to solar neutrinos. This conclusion constitutes the first observation of solar pp neutrinos. Our result is consistent with the presence of the full pp neutrino flux expected according to the “standard solar model” together with a reduced flux of 8B + 7Be neutrinos as observed in the Homestake and Kamiokande experiments. Astrophysical reasons remain as a possible explanation of the solar neutrino problem. On the other hand, if the result is to be interpreted in terms of the MSW effect, it would fix neutrino masses and mixing angles within a very restricted range.}
}

@article{SAGE,
  title = "{Search for neutrinos from the Sun using the reaction $^{71}\mathrm{Ga}$(${\ensuremath{\nu}}_{\mathit{e}}$,${\mathit{e}}^{\mathrm{\ensuremath{-}}}$${)}^{71}$Ge}",
  author = {Abazov, A. I. and Anosov, O. L. and Faizov, E. L. and Gavrin, V. N. and Kalikhov, A. V. and Knodel, T. V. and Knyshenko, I. I. and Kornoukhov, V. N. and Mezentseva, S. A. and Mirmov, I. N. and Ostrinsky, A. V. and Pshukov, A. M. and Revzin, N. E. and Shikhin, A. A. and Timofeyev, P. V. and Veretenkin, E. P. and Vermul, V. M. and Zatsepin, G. T. and Bowles, T. J. and Cleveland, B. T. and Elliott, S. R. and O'Brien, H. A. and Wark, D. L. and Wilkerson, J. F. and Davis, R. and Lande, K. and Cherry, M. L. and Kouzes, R. T.},
  journal = {Phys. Rev. Lett.},
  volume = {67},
  issue = {24},
  pages = {3332--3335},
  numpages = {0},
  year = {1991},
  month = {Dec},
  publisher = {American Physical Society},
  doi = {10.1103/PhysRevLett.67.3332},
  url = {https://link.aps.org/doi/10.1103/PhysRevLett.67.3332}
}

@article{superK,
   title={Evidence for Oscillation of Atmospheric Neutrinos},
   volume={81},
   ISSN={1079-7114},
   url={http://dx.doi.org/10.1103/PhysRevLett.81.1562},
   DOI={10.1103/physrevlett.81.1562},
   number={8},
   journal={Physical Review Letters},
   publisher={American Physical Society (APS)},
   author={Fukuda, Y. and Hayakawa, T. and Ichihara, E. and Inoue, K. and Ishihara, K. and Ishino, H. and Itow, Y. and Kajita, T. and Kameda, J. and Kasuga, S. and Kobayashi, K. and Kobayashi, Y. and Koshio, Y. and Miura, M. and Nakahata, M. and Nakayama, S. and Okada, A. and Okumura, K. and Sakurai, N. and Shiozawa, M. and Suzuki, Y. and Takeuchi, Y. and Totsuka, Y. and Yamada, S. and Earl, M. and Habig, A. and Kearns, E. and Messier, M. D. and Scholberg, K. and Stone, J. L. and Sulak, L. R. and Walter, C. W. and Goldhaber, M. and Barszczxak, T. and Casper, D. and Gajewski, W. and Halverson, P. G. and Hsu, J. and Kropp, W. R. and Price, L. R. and Reines, F. and Smy, M. and Sobel, H. W. and Vagins, M. R. and Ganezer, K. S. and Keig, W. E. and Ellsworth, R. W. and Tasaka, S. and Flanagan, J. W. and Kibayashi, A. and Learned, J. G. and Matsuno, S. and Stenger, V. J. and Takemori, D. and Ishii, T. and Kanzaki, J. and Kobayashi, T. and Mine, S. and Nakamura, K. and Nishikawa, K. and Oyama, Y. and Sakai, A. and Sakuda, M. and Sasaki, O. and Echigo, S. and Kohama, M. and Suzuki, A. T. and Haines, T. J. and Blaufuss, E. and Kim, B. K. and Sanford, R. and Svoboda, R. and Chen, M. L. and Conner, Z. and Goodman, J. A. and Sullivan, G. W. and Hill, J. and Jung, C. K. and Martens, K. and Mauger, C. and McGrew, C. and Sharkey, E. and Viren, B. and Yanagisawa, C. and Doki, W. and Miyano, K. and Okazawa, H. and Saji, C. and Takahata, M. and Nagashima, Y. and Takita, M. and Yamaguchi, T. and Yoshida, M. and Kim, S. B. and Etoh, M. and Fujita, K. and Hasegawa, A. and Hasegawa, T. and Hatakeyama, S. and Iwamoto, T. and Koga, M. and Maruyama, T. and Ogawa, H. and Shirai, J. and Suzuki, A. and Tsushima, F. and Koshiba, M. and Nemoto, M. and Nishijima, K. and Futagami, T. and Hayato, Y. and Kanaya, Y. and Kaneyuki, K. and Watanabe, Y. and Kielczewska, D. and Doyle, R. A. and George, J. S. and Stachyra, A. L. and Wai, L. L. and Wilkes, R. J. and Young, K. K.},
   year={1998},
   month=aug, pages={1562–1567} 
}

@article{SNO,
  title = "{Measurement of the Rate of ${\ensuremath{\nu}}_{e}+\mathit{d}\ensuremath{\rightarrow}\mathit{p}+\mathit{p}+{\mathit{e}}^{\ensuremath{-}}$ Interactions Produced by $^{8}B$ Solar Neutrinos at the Sudbury Neutrino Observatory}",
  author = {Ahmad, Q. R. and Allen, R. C. and Andersen, T. C. and Anglin, J. D. and B\"uhler, G. and Barton, J. C. and Beier, E. W. and Bercovitch, M. and Bigu, J. and Biller, S. and Black, R. A. and Blevis, I. and Boardman, R. J. and Boger, J. and Bonvin, E. and Boulay, M. G. and Bowler, M. G. and Bowles, T. J. and Brice, S. J. and Browne, M. C. and Bullard, T. V. and Burritt, T. H. and Cameron, K. and Cameron, J. and Chan, Y. D. and Chen, M. and Chen, H. H. and Chen, X. and Chon, M. C. and Cleveland, B. T. and Clifford, E. T. H. and Cowan, J. H. M. and Cowen, D. F. and Cox, G. A. and Dai, Y. and Dai, X. and Dalnoki-Veress, F. and Davidson, W. F. and Doe, P. J. and Doucas, G. and Dragowsky, M. R. and Duba, C. A. and Duncan, F. A. and Dunmore, J. and Earle, E. D. and Elliott, S. R. and Evans, H. C. and Ewan, G. T. and Farine, J. and Fergani, H. and Ferraris, A. P. and Ford, R. J. and Fowler, M. M. and Frame, K. and Frank, E. D. and Frati, W. and Germani, J. V. and Gil, S. and Goldschmidt, A. and Grant, D. R. and Hahn, R. L. and Hallin, A. L. and Hallman, E. D. and Hamer, A. and Hamian, A. A. and Haq, R. U. and Hargrove, C. K. and Harvey, P. J. and Hazama, R. and Heaton, R. and Heeger, K. M. and Heintzelman, W. J. and Heise, J. and Helmer, R. L. and Hepburn, J. D. and Heron, H. and Hewett, J. and Hime, A. and Howe, M. and Hykawy, J. G. and Isaac, M. C. P. and Jagam, P. and Jelley, N. A. and Jillings, C. and Jonkmans, G. and Karn, J. and Keener, P. T. and Kirch, K. and Klein, J. R. and Knox, A. B. and Komar, R. J. and Kouzes, R. and Kutter, T. and Kyba, C. C. M. and Law, J. and Lawson, I. T. and Lay, M. and Lee, H. W. and Lesko, K. T. and Leslie, J. R. and Levine, I. and Locke, W. and Lowry, M. M. and Luoma, S. and Lyon, J. and Majerus, S. and Mak, H. B. and Marino, A. D. and McCauley, N. and McDonald, A. B. and McDonald, D. S. and McFarlane, K. and McGregor, G. and McLatchie, W. and Drees, R. Meijer and Mes, H. and Mifflin, C. and Miller, G. G. and Milton, G. and Moffat, B. A. and Moorhead, M. and Nally, C. W. and Neubauer, M. S. and Newcomer, F. M. and Ng, H. S. and Noble, A. J. and Norman, E. B. and Novikov, V. M. and O'Neill, M. and Okada, C. E. and Ollerhead, R. W. and Omori, M. and Orrell, J. L. and Oser, S. M. and Poon, A. W. P. and Radcliffe, T. J. and Roberge, A. and Robertson, B. C. and Robertson, R. G. H. and Rowley, J. K. and Rusu, V. L. and Saettler, E. and Schaffer, K. K. and Schuelke, A. and Schwendener, M. H. and Seifert, H. and Shatkay, M. and Simpson, J. J. and Sinclair, D. and Skensved, P. and Smith, A. R. and Smith, M. W. E. and Starinsky, N. and Steiger, T. D. and Stokstad, R. G. and Storey, R. S. and Sur, B. and Tafirout, R. and Tagg, N. and Tanner, N. W. and Taplin, R. K. and Thorman, M. and Thornewell, P. and Trent, P. T. and Tserkovnyak, Y. I. and Van Berg, R. and Van de Water, R. G. and Virtue, C. J. and Waltham, C. E. and Wang, J.-X. and Wark, D. L. and West, N. and Wilhelmy, J. B. and Wilkerson, J. F. and Wilson, J. and Wittich, P. and Wouters, J. M. and Yeh, M.},
  collaboration = {SNO Collaboration},
  journal = {Phys. Rev. Lett.},
  volume = {87},
  issue = {7},
  pages = {071301},
  numpages = {6},
  year = {2001},
  month = {Jul},
  publisher = {American Physical Society},
  doi = {10.1103/PhysRevLett.87.071301},
  url = {https://link.aps.org/doi/10.1103/PhysRevLett.87.071301}
}

@book{Thomson,
    author = "Thomson, Mark",
    title = "{Modern particle physics}",
    doi = "10.1017/CBO9781139525367",
    isbn = "978-1-107-03426-6",
    publisher = "Cambridge University Press",
    address = "New York",
    year = "2013"
}

@article{Majorana,
    author = "Majorana, Ettore",
    title = "{Teoria simmetrica dell\textquoteright{}elettrone e del positrone}",
    reportNumber = "RX-888",
    doi = "10.1007/BF02961314",
    journal = "Nuovo Cim.",
    volume = "14",
    pages = "171--184",
    year = "1937"
}

@article{nuMass,
    author = "King, S. F.",
    title = "{Neutrino mass models}",
    eprint = "hep-ph/0310204",
    archivePrefix = "arXiv",
    reportNumber = "SHEP-03-15",
    doi = "10.1088/0034-4885/67/2/R01",
    journal = "Rept. Prog. Phys.",
    volume = "67",
    pages = "107--158",
    year = "2004"
}

@article{SBNHNL,
    author = "Ballett, Peter and Pascoli, Silvia and Ross-Lonergan, Mark",
    title = "{MeV-scale sterile neutrino decays at the Fermilab Short-Baseline Neutrino program}",
    eprint = "1610.08512",
    archivePrefix = "arXiv",
    primaryClass = "hep-ph",
    doi = "10.1007/JHEP04(2017)102",
    journal = "JHEP",
    volume = "04",
    pages = "102",
    year = "2017"
}

@article{HNLWhitePaper,
    author = "Abazajian, K. N. and others",
    title = "{Light Sterile Neutrinos: A White Paper}",
    eprint = "1204.5379",
    archivePrefix = "arXiv",
    primaryClass = "hep-ph",
    reportNumber = "FERMILAB-PUB-12-881-PPD",
    month = "4",
    year = "2012"
}

@article{HNLKelly,
    author = "Berryman, Jeffrey M. and de Gouvea, Andre and Fox, Patrick J and Kayser, Boris Jules and Kelly, Kevin James and Raaf, Jennifer Lynne",
    title = "{Searches for Decays of New Particles in the DUNE Multi-Purpose Near Detector}",
    eprint = "1912.07622",
    archivePrefix = "arXiv",
    primaryClass = "hep-ph",
    reportNumber = "FERMILAB-PUB-19-607-ND-T, NUHEP-TH/19-16",
    doi = "10.1007/JHEP02(2020)174",
    journal = "JHEP",
    volume = "02",
    pages = "174",
    year = "2020"
}

@article{BNBFlux,
  title = {Neutrino flux prediction at MiniBooNE},
  author = {Aguilar-Arevalo, A. A. and Anderson, C. E. and Bazarko, A. O. and Brice, S. J. and Brown, B. C. and Bugel, L. and Cao, J. and Coney, L. and Conrad, J. M. and Cox, D. C. and Curioni, A. and Djurcic, Z. and Finley, D. A. and Fleming, B. T. and Ford, R. and Garcia, F. G. and Garvey, G. T. and Green, C. and Green, J. A. and Hart, T. L. and Hawker, E. and Imlay, R. and Johnson, R. A. and Karagiorgi, G. and Kasper, P. and Katori, T. and Kobilarcik, T. and Kourbanis, I. and Koutsoliotas, S. and Laird, E. M. and Linden, S. K. and Link, J. M. and Liu, Y. and Liu, Y. and Louis, W. C. and Mahn, K. B. M. and Marsh, W. and Martin, P. S. and McGregor, G. and Metcalf, W. and Meyers, P. D. and Mills, F. and Mills, G. B. and Monroe, J. and Moore, C. D. and Nelson, R. H. and Nguyen, V. T. and Nienaber, P. and Nowak, J. A. and Ouedraogo, S. and Patterson, R. B. and Perevalov, D. and Polly, C. C. and Prebys, E. and Raaf, J. L. and Ray, H. and Roe, B. P. and Russell, A. D. and Sandberg, V. and Schirato, R. and Schmitz, D. and Shaevitz, M. H. and Shoemaker, F. C. and Smith, D. and Soderberg, M. and Sorel, M. and Spentzouris, P. and Stancu, I. and Stefanski, R. J. and Sung, M. and Tanaka, H. A. and Tayloe, R. and Tzanov, M. and Van de Water, R. and Wascko, M. O. and White, D. H. and Wilking, M. J. and Yang, H. J. and Zeller, G. P. and Zimmerman, E. D.},
  collaboration = {MiniBooNE Collaboration},
  journal = {Phys. Rev. D},
  volume = {79},
  issue = {7},
  pages = {072002},
  numpages = {38},
  year = {2009},
  month = {Apr},
  publisher = {American Physical Society},
  doi = {10.1103/PhysRevD.79.072002},
  url = {https://link.aps.org/doi/10.1103/PhysRevD.79.072002}
}
@article{HNLZarko,
    author = "Coloma, Pilar and Fern\'andez-Mart\'\i{}nez, Enrique and Gonz\'alez-L\'opez, Manuel and Hern\'andez-Garc\'\i{}a, Josu and Pavlovic, Zarko",
    title = "{GeV-scale neutrinos: interactions with mesons and DUNE sensitivity}",
    eprint = "2007.03701",
    archivePrefix = "arXiv",
    primaryClass = "hep-ph",
    reportNumber = "FERMILAB-PUB-20-269-ND",
    doi = "10.1140/epjc/s10052-021-08861-y",
    journal = "Eur. Phys. J. C",
    volume = "81",
    number = "1",
    pages = "78",
    year = "2021"
}

@article{HNLSilvia,
    author = "Ballett, Peter and Boschi, Tommaso and Pascoli, Silvia",
    title = "{Heavy Neutral Leptons from low-scale seesaws at the DUNE Near Detector}",
    eprint = "1905.00284",
    archivePrefix = "arXiv",
    primaryClass = "hep-ph",
    reportNumber = "IPPP/18/76",
    doi = "10.1007/JHEP03(2020)111",
    journal = "JHEP",
    volume = "03",
    pages = "111",
    year = "2020"
}

@article{HNLBin,
    author = "Atre, Anupama and Han, Tao and Pascoli, Silvia and Zhang, Bin",
    title = "{The Search for Heavy Majorana Neutrinos}",
    eprint = "0901.3589",
    archivePrefix = "arXiv",
    primaryClass = "hep-ph",
    reportNumber = "FERMILAB-PUB-08-086-T, NSF-KITP-08-54, MADPH-06-1466, DCPT-07-198, IPPP-07-99",
    doi = "10.1088/1126-6708/2009/05/030",
    journal = "JHEP",
    volume = "05",
    pages = "030",
    year = "2009"
}

@article{pi0,
  title = {Precise Determination of the Branching Ratio of the Neutral-Pion Dalitz Decay},
  author = {Husek, Tom\'a\ifmmode \check{s}\else \v{s}\fi{} and Goudzovski, Evgueni and Kampf, Karol},
  journal = {Phys. Rev. Lett.},
  volume = {122},
  issue = {2},
  pages = {022003},
  numpages = {6},
  year = {2019},
  month = {Jan},
  publisher = {American Physical Society},
  doi = {10.1103/PhysRevLett.122.022003},
  url = {https://link.aps.org/doi/10.1103/PhysRevLett.122.022003}
}

@phdthesis{OwenPhD,
  author  = "Goodwin, O. ",
  title   = "{Search for Higgs Portal Scalars and Heavy Neutral Leptons Decaying in the MicroBooNE Detector}",
  school  = "The University of Manchester",
  year    = "2022",
  url	  = "https://research.manchester.ac.uk/en/studentTheses/search-for-higgs-portal-scalars-and-heavy-neutral-leptons-decayin"
}

@article{SIN1,
    author = "Abela, R. and Daum, M. and Eaton, G. H. and Frosch, R. and Jost, B. and Kettle, P. R. and Steiner, E.",
    title = "{Search for an Admixture of Heavy Neutrino in Pion Decay}",
    reportNumber = "SIN-PR-81-06",
    doi = "10.1016/0370-2693(81)90884-4",
    journal = "Phys. Lett. B",
    volume = "105",
    pages = "263--266",
    year = "1981",
    note = "[Erratum: Phys.Lett.B 106, 513 (1981)]"
}

@article{SIN2,
  title = "{Search for Admixtures of Massive Neutrinos in the Decay ${\ensuremath{\pi}}^{+}\ensuremath{\rightarrow}{\ensuremath{\mu}}^{+}+\overline{\ensuremath{\nu}}$}",
  author = {Minehart, R. C. and Ziock, K. O. H. and Marshall, R. and Stephens, W. A. and Daum, M. and Jost, B. and Kettle, P. -R.},
  journal = {Phys. Rev. Lett.},
  volume = {52},
  issue = {10},
  pages = {804--807},
  numpages = {0},
  year = {1984},
  month = {Mar},
  publisher = {American Physical Society},
  doi = {10.1103/PhysRevLett.52.804},
  url = {https://link.aps.org/doi/10.1103/PhysRevLett.52.804}
}

@article{SIN3,
  title = "{Search for admixtures of massive neutrinos in the decay ${\ensuremath{\pi}}^{+}\ensuremath{\rightarrow}{\ensuremath{\mu}}^{+}+\ensuremath{\nu}$}",
  author = {Daum, M. and Kettle, P.-R. and Jost, B. and Marshall, R. M. and Minehart, R. C. and Stephens, W. A. and Ziock, K. O. H.},
  journal = {Phys. Rev. D},
  volume = {36},
  issue = {9},
  pages = {2624--2632},
  numpages = {0},
  year = {1987},
  month = {Nov},
  publisher = {American Physical Society},
  doi = {10.1103/PhysRevD.36.2624},
  url = {https://link.aps.org/doi/10.1103/PhysRevD.36.2624}
}

@article{PIENU,
    author = "Aguilar-Arevalo, A. and others",
    collaboration = "PIENU",
    title = "{Search for heavy neutrinos in $\pi \to \mu\nu$ decay}",
    eprint = "1904.03269",
    archivePrefix = "arXiv",
    primaryClass = "hep-ex",
    doi = "10.1016/j.physletb.2019.134980",
    journal = "Phys. Lett. B",
    volume = "798",
    pages = "134980",
    year = "2019"
}

@article{KEK1,
    author = "Asano, Y. and others",
    title = "{Search for a Heavy Neutrino Emitted in $K^+ \to \mu^+$ Neutrino Decay}",
    reportNumber = "KEK Preprint 81-9",
    doi = "10.1016/0370-2693(81)90860-1",
    journal = "Phys. Lett. B",
    volume = "104",
    pages = "84--88",
    year = "1981"
}

@article{KEK2,
  title = "{Heavy-Neutrino Search Using ${K}_{\ensuremath{\mu}2}$ Decay}",
  author = {Hayano, R. S. and Taniguchi, T. and Yamanaka, T. and Tanimori, T. and Enomoto, R. and Ishibashi, A. and Ishikawa, T. and Sato, S. and Fujii, T. and Yamazaki, T. and Kurokawa, S. and Schnetzer, S. R. and Takada, Y.},
  journal = {Phys. Rev. Lett.},
  volume = {49},
  issue = {18},
  pages = {1305--1309},
  numpages = {0},
  year = {1982},
  month = {Nov},
  publisher = {American Physical Society},
  doi = {10.1103/PhysRevLett.49.1305},
  url = {https://link.aps.org/doi/10.1103/PhysRevLett.49.1305}
}

@INPROCEEDINGS{KEK3,
    booktitle="{Proc. of the 22nd International Conference on High Energy Physics}", 
    author = "Yamazaki, T. and others",
    editor = "Meyer, A. and Wieczorek, E.",
    title = "{Search for Heavy Neutrinos in Kaon Decay}",
    %journal = "Conf. Proc. C",
    volume = "840719",
    pages = "262",
    year = "1984"
}
@article{E949,
    author = "Artamonov, A. V. and others",
    collaboration = "E949",
    title = "{Search for heavy neutrinos in $K^+\to\mu^+\nu_H$ decays}",
    eprint = "1411.3963",
    archivePrefix = "arXiv",
    primaryClass = "hep-ex",
    reportNumber = "FERMILAB-PUB-14-609-E",
    doi = "10.1103/PhysRevD.91.052001",
    journal = "Phys. Rev. D",
    volume = "91",
    number = "5",
    pages = "052001",
    year = "2015",
    note = "[Erratum: Phys.Rev.D 91, 059903 (2015)]"
}

@article{NA62A,
    author = "Cortina Gil, Eduardo and others",
    collaboration = "NA62",
    title = "{Search for heavy neutral lepton production in $K^+$ decays}",
    eprint = "1712.00297",
    archivePrefix = "arXiv",
    primaryClass = "hep-ex",
    reportNumber = "CERN-EP-2017-311",
    doi = "10.1016/j.physletb.2018.01.031",
    journal = "Phys. Lett. B",
    volume = "778",
    pages = "137--145",
    year = "2018"
}

@article{NA62B,
    author = "Cortina Gil, Eduardo and others",
    collaboration = "NA62",
    title = "{Search for $K^+$ decays to a muon and invisible particles}",
    eprint = "2101.12304",
    archivePrefix = "arXiv",
    primaryClass = "hep-ex",
    reportNumber = "CERN-EP-2021-018",
    doi = "10.1016/j.physletb.2021.136259",
    journal = "Phys. Lett. B",
    volume = "816",
    pages = "136259",
    year = "2021"
}


@article{PS191A,
title = "{Search for neutrino decay}",
journal = {Physics Letters B},
volume = {166},
number = {4},
pages = {479-483},
year = {1986},
issn = {0370-2693},
doi = {https://doi.org/10.1016/0370-2693(86)91602-3},
url = {https://www.sciencedirect.com/science/article/pii/0370269386916023},
author = {G. Bernardi and G. Carugno and J. Chauveau and F. Dicarlo and M. Dris and J. Dumarchez and M. Ferro-Luzzi and J.-M. Levy and D. Lukas and J.-M. Perreau and Y. Pons and A.-M. Touchard and F. Vannucci},
abstract = {A search to observe neutrino decays has been performed. Its results are used to set limits on the couplings of a hypothetical massive neutrino with the ordinary ve and vμ. An improvement of about two orders of magnitude is obtained over previous limits in a wide range of neutrino masses.}
}

@article{PS191B,
title = "{Further limits on heavy neutrino couplings}",
journal = {Physics Letters B},
volume = {203},
number = {3},
pages = {332-334},
year = {1988},
issn = {0370-2693},
doi = {https://doi.org/10.1016/0370-2693(88)90563-1},
url = {https://www.sciencedirect.com/science/article/pii/0370269388905631},
author = {G. Bernardi and G. Carugno and J. Chauveau and F. Dicarlo and M. Dris and J. Dumarchez and M. Ferro-Luzzi and J.-M. Levy and D. Lukas and J.-M. Perreau and Y. Pons and A.-M. Touchard and F. Vannucci},
abstract = {Limits on leptonic mixing matrix elements are inferred from the results of a dedicated neutrino-decay search; an improvement of more than two orders of magnitude is achieved over previous results for a wide range of the neutrino mass.}
}

@article{PS191C,
  title = {Heavy neutral leptons below the kaon mass at hodoscopic neutrino detectors},
  author = {Arg\"uelles, Carlos A. and Foppiani, Nicol\`o and Hostert, Matheus},
  journal = {Phys. Rev. D},
  volume = {105},
  issue = {9},
  pages = {095006},
  numpages = {15},
  year = {2022},
  month = {May},
  publisher = {American Physical Society},
  doi = {10.1103/PhysRevD.105.095006},
  url = {https://link.aps.org/doi/10.1103/PhysRevD.105.095006}
}
@article{T2KHNL,
    author = "Abe, K. and others",
    collaboration = "T2K",
    title = "{Search for heavy neutrinos with the T2K near detector ND280}",
    eprint = "1902.07598",
    archivePrefix = "arXiv",
    primaryClass = "hep-ex",
    doi = "10.1103/PhysRevD.100.052006",
    journal = "Phys. Rev. D",
    volume = "100",
    number = "5",
    pages = "052006",
    year = "2019"
}

@article{NuTeV,
    author = "Vaitaitis, A. and others",
    collaboration = "NuTeV, E815",
    title = "{Search for neutral heavy leptons in a high-energy neutrino beam}",
    eprint = "hep-ex/9908011",
    archivePrefix = "arXiv",
    reportNumber = "FERMILAB-PUB-99-223-E",
    doi = "10.1103/PhysRevLett.83.4943",
    journal = "Phys. Rev. Lett.",
    volume = "83",
    pages = "4943--4946",
    year = "1999"
}

@article{uboone1,
    author = "Abratenko, P. and others",
    collaboration = "MicroBooNE",
    title = "{Search for Heavy Neutral Leptons Decaying into Muon-Pion Pairs in the MicroBooNE Detector}",
    eprint = "1911.10545",
    archivePrefix = "arXiv",
    primaryClass = "hep-ex",
    reportNumber = "FERMILAB-PUB-19-581-ND",
    doi = "10.1103/PhysRevD.101.052001",
    journal = "Phys. Rev. D",
    volume = "101",
    number = "5",
    pages = "052001",
    year = "2020"
}

@article{uboone2,
    author = "Abratenko, P. and others",
    collaboration = "MicroBooNE",
    title = "{Search for long-lived heavy neutral leptons and Higgs portal scalars decaying in the MicroBooNE detector}",
    eprint = "2207.03840",
    archivePrefix = "arXiv",
    primaryClass = "hep-ex",
    reportNumber = "FERMILAB-PUB-22-507",
    doi = "10.1103/PhysRevD.106.092006",
    journal = "Phys. Rev. D",
    volume = "106",
    number = "9",
    pages = "092006",
    year = "2022"
}

@article{uboone3,
    author = "Abratenko, P. and others",
    collaboration = "MicroBooNE",
    title = "{Search for heavy neutral leptons in electron-positron and neutral-pion final states with the MicroBooNE detector}",
    eprint = "2310.07660",
    archivePrefix = "arXiv",
    primaryClass = "hep-ex",
    reportNumber = "FERMILAB-PUB-23-574-ND",
    month = "10",
    year = "2023"
}

%DETECTOR CHAPTER------------------------------------------------------------------------

@article{ubooneDet,
doi = {10.1088/1748-0221/12/02/P02017},
url = {https://dx.doi.org/10.1088/1748-0221/12/02/P02017},
year = {2017},
month = {feb},
publisher = {},
volume = {12},
number = {02},
pages = {P02017},
author = {R. Acciarri and C. Adams and R. An and A. Aparicio and S. Aponte and J. Asaadi and M. Auger and N. Ayoub and L. Bagby and B. Baller and R. Barger and G. Barr and M. Bass and F. Bay and K. Biery and M. Bishai and A. Blake and V. Bocean and D. Boehnlein and V.D. Bogert and T. Bolton and L. Bugel and C. Callahan and L. Camilleri and D. Caratelli and B. Carls and R. Castillo Fernandez and F. Cavanna and S. Chappa and H. Chen and K. Chen and C.-Y. Chi and C.S. Chiu and E. Church and D. Cianci and G.H. Collin and J.M. Conrad and M. Convery and J. Cornele and P. Cowan and J.I. Crespo-Anadón and G. Crutcher and C. Darve and R. Davis and M. Del Tutto and D. Devitt and S. Duffin and S. Dytman and B. Eberly and A. Ereditato and D. Erickson and L. Escudero Sanchez and J. Esquivel and S. Farooq and J. Farrell and D. Featherston and B.T. Fleming and W. Foreman and A.P. Furmanski and V. Genty and M. Geynisman and D. Goeldi and B. Goff and S. Gollapinni and N. Graf and E. Gramellini and J. Green and A. Greene and H. Greenlee and T. Griffin and R. Grosso and R. Guenette and A. Hackenburg and R. Haenni and P. Hamilton and P. Healey and O. Hen and E. Henderson and J. Hewes and C. Hill and K. Hill and L. Himes and J. Ho and G. Horton-Smith and D. Huffman and C.M. Ignarra and C. James and E. James and J. Jan de Vries and W. Jaskierny and C.-M. Jen and L. Jiang and B. Johnson and M. Johnson and R.A. Johnson and B.J.P. Jones and J. Joshi and H. Jostlein and D. Kaleko and L.N. Kalousis and G. Karagiorgi and T. Katori and P. Kellogg and W. Ketchum and J. Kilmer and B. King and B. Kirby and M. Kirby and E. Klein and T. Kobilarcik and I. Kreslo and R. Krull and R. Kubinski and G. Lange and F. Lanni and A. Lathrop and A. Laube and W.M. Lee and Y. Li and D. Lissauer and A. Lister and B.R. Littlejohn and S. Lockwitz and D. Lorca and W.C. Louis and G. Lukhanin and M. Luethi and B. Lundberg and X. Luo and G. Mahler and I. Majoros and D. Makowiecki and A. Marchionni and C. Mariani and D. Markley and J. Marshall and D.A. Martinez Caicedo and K.T. McDonald and D. McKee and A. McLean and J. Mead and V. Meddage and T. Miceli and G.B. Mills and W. Miner and J. Moon and M. Mooney and C.D. Moore and Z. Moss and J. Mousseau and R. Murrells and D. Naples and P. Nienaber and B. Norris and N. Norton and J. Nowak and M. O'Boyle and T. Olszanowski and O. Palamara and V. Paolone and V. Papavassiliou and S.F. Pate and Z. Pavlovic and R. Pelkey and M. Phipps and S. Pordes and D. Porzio and G. Pulliam and X. Qian and J.L. Raaf and V. Radeka and A. Rafique and R. A Rameika and B. Rebel and R. Rechenmacher and S. Rescia and L. Rochester and C. Rudolf von Rohr and A. Ruga and B. Russell and R. Sanders and W.R. Sands III and M. Sarychev and D.W. Schmitz and A. Schukraft and R. Scott and W. Seligman and M.H. Shaevitz and M. Shoun and J. Sinclair and W. Sippach and T. Smidt and A. Smith and E.L. Snider and M. Soderberg and M. Solano-Gonzalez and S. Söldner-Rembold and S.R. Soleti and J. Sondericker and P. Spentzouris and J. Spitz and J. St. John and T. Strauss and K. Sutton and A.M. Szelc and K. Taheri and N. Tagg and K. Tatem and J. Teng and K. Terao and M. Thomson and C. Thorn and J. Tillman and M. Toups and Y.-T. Tsai and S. Tufanli and T. Usher and M. Utes and R.G. Van de Water and C. Vendetta and S. Vergani and E. Voirin and J. Voirin and B. Viren and P. Watkins and M. Weber and T. Wester and J. Weston and D.A. Wickremasinghe and S. Wolbers and T. Wongjirad and K. Woodruff and K.C. Wu and T. Yang and B. Yu and G.P. Zeller and J. Zennamo and C. Zhang and M. Zuckerbrot},
title = {Design and construction of the MicroBooNE detector},
journal = {Journal of Instrumentation},
abstract = {This paper describes the design and construction of the MicroBooNE liquid argon time projection chamber and associated systems. MicroBooNE is the first phase of the Short Baseline Neutrino program, located at Fermilab, and will utilize the capabilities of liquid argon detectors to examine a rich assortment of physics topics.  In this document details of design specifications, assembly procedures, and acceptance tests are reported.}
}


%DAQ CHAPTER------------------------------------------------------------------------

@article{artdaq_note,
title="{Flexible and Scalable Data-Acquisition Using the artdaq Toolkit}", 
author={Kurt Biery and Eric Flumerfelt and John Freeman and Wesley Ketchum and Gennadiy Lukhanin and Adam Lyon and Ron Rechenmacher and Ryan Rivera and Lorenzo Uplegger and Margaret Votava},
year={2018},
%doi = {10.2172/1460789},
url = {https://www.osti.gov/biblio/1460789}, 
journal = {},
eprint={1806.07250},
archivePrefix={arXiv},
%primaryClass={physics.ins-det}
}

@article{ptb_gvs,
AUTHOR = {Stenico, G. V.},
TITLE = "{SBND Trigger System: Status and MTC/A Configuration}",
JOURNAL = {Physical Sciences Forum},
VOLUME = {8},
YEAR = {2023},
NUMBER = {1},
ARTICLE-NUMBER = {60},
URL = {https://www.mdpi.com/2673-9984/8/1/60},
ISSN = {2673-9984},
%DOI = {10.3390/psf2023008060}
}

@INPROCEEDINGS{WR_paper,
  author =       {J. Serrano and P. Alvarez and M. Cattin and E. G. Cota and P. M. J. H. Lewis and T.Włostowski},
  booktitle =    "{Proceedings of the 12th International Conference on Accelerator and Large Experimental Physics Control Systems}",
  title =        "{The White Rabbit Project}",
  year={2009},
  volume={1},
  number={},
  pages={93},
  url={https://accelconf.web.cern.ch/icalepcs2009/papers/tuc004.pdf},
  isbn = {978-4-9905391-0-8}
}

@techreport{crt_note,
title="{SBND CRT Technical Note}", 
author={Igor Kreslor},
collaboration="{SBND Collaboration}",
year={2016},
eprint={},
archivePrefix={},
primaryClass={}
}

@INPROCEEDINGS{crt_clock,
  author={Aloisio, Alberto and Branchini, Paolo and Cicalese, Roberta and Giordano, Raffaele and Izzo, Vincenzo and Loffredo, Salvatore},
  booktitle="{2007 IEEE Nuclear Science Symposium Conference Record}", 
  title="{FPGA implementation of a high-resolution time-to-digital converter}", 
  year={2007},
  volume={1},
  number={},
  pages={504},
  doi={10.1109/NSSMIC.2007.4436379}
}

@misc{caen_manuals,
title="{V1730/VX1730 \& V1725/VX1725 User Manual}", 
author="{CAEN SpA}",
year={2023},
url={https://www.caen.it/products/v1730/}
}
% ------------------------------------------------------------------------
